%YAML 1.1
%TAG !u! tag:unity3d.com,2011:
--- !u!1 &353332376570342860
GameObject:
  m_ObjectHideFlags: 0
  m_CorrespondingSourceObject: {fileID: 0}
  m_PrefabInstance: {fileID: 0}
  m_PrefabAsset: {fileID: 0}
  serializedVersion: 6
  m_Component:
  - component: {fileID: 3655814814225686495}
  - component: {fileID: 5259571838768031341}
  - component: {fileID: 5189425784952525767}
  m_Layer: 0
  m_Name: Machete
  m_TagString: Untagged
  m_Icon: {fileID: 0}
  m_NavMeshLayer: 0
  m_StaticEditorFlags: 0
  m_IsActive: 1
--- !u!4 &3655814814225686495
Transform:
  m_ObjectHideFlags: 0
  m_CorrespondingSourceObject: {fileID: 0}
  m_PrefabInstance: {fileID: 0}
  m_PrefabAsset: {fileID: 0}
  m_GameObject: {fileID: 353332376570342860}
  m_LocalRotation: {x: 0.060378127, y: -0.7423262, z: -0.05409816, w: 0.66511637}
  m_LocalPosition: {x: -0.17, y: 0.132, z: 0.181}
  m_LocalScale: {x: 30, y: 30, z: 45}
  m_Children:
  - {fileID: 5262773723701808768}
  m_Father: {fileID: 0}
  m_RootOrder: 0
  m_LocalEulerAnglesHint: {x: 0, y: -96.28, z: -9.3}
--- !u!111 &5259571838768031341
Animation:
  m_ObjectHideFlags: 0
  m_CorrespondingSourceObject: {fileID: 0}
  m_PrefabInstance: {fileID: 0}
  m_PrefabAsset: {fileID: 0}
  m_GameObject: {fileID: 353332376570342860}
  m_Enabled: 1
  serializedVersion: 3
  m_Animation: {fileID: 7400000, guid: 6e69fd7ec68915940a8d554507428346, type: 2}
  m_Animations:
  - {fileID: 7400000, guid: 6e69fd7ec68915940a8d554507428346, type: 2}
  m_WrapMode: 0
  m_PlayAutomatically: 0
  m_AnimatePhysics: 0
  m_CullingType: 0
--- !u!114 &5189425784952525767
MonoBehaviour:
  m_ObjectHideFlags: 0
  m_CorrespondingSourceObject: {fileID: 0}
  m_PrefabInstance: {fileID: 0}
  m_PrefabAsset: {fileID: 0}
  m_GameObject: {fileID: 353332376570342860}
  m_Enabled: 1
  m_EditorHideFlags: 0
  m_Script: {fileID: 11500000, guid: 8ebe5edcda4e4a642ae83ae33f9e2ba5, type: 3}
  m_Name: 
  m_EditorClassIdentifier: 
  reach: 15
  reloadSpeed: 0.5
  button: 49
  anim: {fileID: 5259571838768031341}
  particleGameObject: {fileID: 0}
  model: {fileID: 353332376570342860}
  isReloaded: 0
  playerPos: {fileID: 0}
  soundEffectsOnUse:
  - {fileID: 8300000, guid: 98157e45ce56a9d4fa76eba22311405e, type: 3}
  - {fileID: 8300000, guid: 19818e0b1bc086f4f8e4a17b8ece0680, type: 3}
  soundEffectsOnHit:
  - {fileID: 8300000, guid: 0e4081fbe74b8154cad180b3b00a3652, type: 3}
  - {fileID: 8300000, guid: be00320fd5cec8449a8aa0558a02fd1b, type: 3}
--- !u!1 &4754082179700585651
GameObject:
  m_ObjectHideFlags: 0
  m_CorrespondingSourceObject: {fileID: 0}
  m_PrefabInstance: {fileID: 0}
  m_PrefabAsset: {fileID: 0}
  serializedVersion: 6
  m_Component:
  - component: {fileID: 5262773723701808768}
  m_Layer: 0
  m_Name: PivotPoint
  m_TagString: Untagged
  m_Icon: {fileID: 0}
  m_NavMeshLayer: 0
  m_StaticEditorFlags: 0
  m_IsActive: 1
--- !u!4 &5262773723701808768
Transform:
  m_ObjectHideFlags: 0
  m_CorrespondingSourceObject: {fileID: 0}
  m_PrefabInstance: {fileID: 0}
  m_PrefabAsset: {fileID: 0}
  m_GameObject: {fileID: 4754082179700585651}
  m_LocalRotation: {x: -0.00000003725291, y: 0.00000002980233, z: -0.40226385, w: 0.9155238}
  m_LocalPosition: {x: 0.009299998, y: -0.00020000066, z: -0.002799999}
  m_LocalScale: {x: 1, y: 1, z: 0.097881086}
  m_Children:
  - {fileID: 6003700396490765324}
  m_Father: {fileID: 3655814814225686495}
  m_RootOrder: 0
  m_LocalEulerAnglesHint: {x: 0, y: 0, z: 0}
--- !u!1 &7491921859306653270
GameObject:
  m_ObjectHideFlags: 0
  m_CorrespondingSourceObject: {fileID: 0}
  m_PrefabInstance: {fileID: 0}
  m_PrefabAsset: {fileID: 0}
  serializedVersion: 6
  m_Component:
  - component: {fileID: 6003700396490765324}
  - component: {fileID: 925923966229956010}
  - component: {fileID: 8945502772877324558}
  m_Layer: 0
  m_Name: pCube1
  m_TagString: Untagged
  m_Icon: {fileID: 0}
  m_NavMeshLayer: 0
  m_StaticEditorFlags: 0
  m_IsActive: 1
--- !u!4 &6003700396490765324
Transform:
  m_ObjectHideFlags: 0
  m_CorrespondingSourceObject: {fileID: 0}
  m_PrefabInstance: {fileID: 0}
  m_PrefabAsset: {fileID: 0}
  m_GameObject: {fileID: 7491921859306653270}
  m_LocalRotation: {x: 0.00000003725291, y: -0.00000002980233, z: 0.40226385, w: 0.9155238}
  m_LocalPosition: {x: -0.0172, y: 0.00907, z: 0.029}
  m_LocalScale: {x: 0.52378845, y: 4.8958774, z: 1}
  m_Children: []
  m_Father: {fileID: 5262773723701808768}
  m_RootOrder: 0
  m_LocalEulerAnglesHint: {x: 0, y: 0, z: 0}
--- !u!33 &925923966229956010
MeshFilter:
  m_ObjectHideFlags: 0
  m_CorrespondingSourceObject: {fileID: 0}
  m_PrefabInstance: {fileID: 0}
  m_PrefabAsset: {fileID: 0}
  m_GameObject: {fileID: 7491921859306653270}
  m_Mesh: {fileID: 4068373912626513877, guid: 848cd32d41a439f47ac846a8cb87fb59, type: 3}
--- !u!23 &8945502772877324558
MeshRenderer:
  m_ObjectHideFlags: 0
  m_CorrespondingSourceObject: {fileID: 0}
  m_PrefabInstance: {fileID: 0}
  m_PrefabAsset: {fileID: 0}
  m_GameObject: {fileID: 7491921859306653270}
  m_Enabled: 1
  m_CastShadows: 1
  m_ReceiveShadows: 1
  m_DynamicOccludee: 1
  m_MotionVectors: 1
  m_LightProbeUsage: 1
  m_ReflectionProbeUsage: 1
  m_RenderingLayerMask: 1
  m_RendererPriority: 0
  m_Materials:
  - {fileID: 5561349426305759274, guid: 848cd32d41a439f47ac846a8cb87fb59, type: 3}
  - {fileID: 8748892135801146194, guid: 848cd32d41a439f47ac846a8cb87fb59, type: 3}
  - {fileID: 8368722655750445499, guid: 848cd32d41a439f47ac846a8cb87fb59, type: 3}
  m_StaticBatchInfo:
    firstSubMesh: 0
    subMeshCount: 0
  m_StaticBatchRoot: {fileID: 0}
  m_ProbeAnchor: {fileID: 0}
  m_LightProbeVolumeOverride: {fileID: 0}
  m_ScaleInLightmap: 1
  m_ReceiveGI: 1
  m_PreserveUVs: 0
  m_IgnoreNormalsForChartDetection: 0
  m_ImportantGI: 0
  m_StitchLightmapSeams: 1
  m_SelectedEditorRenderState: 3
  m_MinimumChartSize: 4
  m_AutoUVMaxDistance: 0.5
  m_AutoUVMaxAngle: 89
  m_LightmapParameters: {fileID: 0}
  m_SortingLayerID: 0
  m_SortingLayer: 0
  m_SortingOrder: 0
